@article{de2019symbolic,
  title={Symbolic method and directed graph enumeration},
  author={de Panafieu, {\'E}lie and Dovgal, Sergey},
  journal={arXiv preprint arXiv:1903.09454},
  year={2019}
}

@article{dovgal2021exact,
  title={Exact enumeration of satisfiable 2-SAT formulae},
  author={Dovgal, Sergey and de Panafieu, {\'E}lie and Ravelomanana, Vlady},
  journal={arXiv preprint arXiv:2108.08067},
  year={2021}
}